<collection xmlns="http://www.loc.gov/MARC21/slim">
    <record>
        <controlfield tag="001">253605</controlfield>
        <controlfield tag="005">20200327143258.0</controlfield>
        <controlfield tag="008">160718n||||||||xx#||||#|||z|#||||||cze||</controlfield>
        <datafield tag="856" ind1="0" ind2=" ">
            <subfield code="f">sarka.steinova@nzm.cz</subfield>
        </datafield>
        <datafield tag="856" ind1="4" ind2="0">
            <subfield code="u">http://www.nusl.cz/ntk/nusl-253605</subfield>
            <subfield code="z">PID NUŠL</subfield>
        </datafield>
        <datafield tag="856" ind1="4" ind2="2">
            <subfield code="u">
                http://nzm.cz/centrala/verejne-informace/veda-a-vyzkum/vedecke-projekty-a-vyzkumne-zamery/
            </subfield>
            <subfield code="z">Elektronické umístění souboru</subfield>
        </datafield>
        <datafield tag="856" ind1="4" ind2=" ">
            <subfield code="u">http://invenio.nusl.cz/record/253605/files/nusl-253605_1.pdf</subfield>
            <subfield code="z">Plný text</subfield>
        </datafield>
        <datafield tag="909" ind1="C" ind2="O">
            <subfield code="o">oai:invenio.nusl.cz:253605</subfield>
            <subfield code="p">openaire</subfield>
            <subfield code="p">global</subfield>
            <subfield code="p">DRIVER</subfield>
            <subfield code="p">base</subfield>
            <subfield code="p">opengrey</subfield>
            <subfield code="q">licensed</subfield>
        </datafield>
        <datafield tag="650" ind1=" " ind2="7">
            <subfield code="0">http://psh.ntkcz.cz/skos/PSH120</subfield>
            <subfield code="2">PSH</subfield>
            <subfield code="a">zahradní architektura</subfield>
            <subfield code="j">landscape gardening</subfield>
        </datafield>
        <datafield tag="650" ind1=" " ind2="7">
            <subfield code="0">http://psh.ntkcz.cz/skos/PSH6478</subfield>
            <subfield code="2">PSH</subfield>
            <subfield code="a">zpracování dokumentů</subfield>
            <subfield code="j">document processing</subfield>
        </datafield>
        <datafield tag="300" ind1=" " ind2=" ">
            <subfield code="a">1-40</subfield>
        </datafield>
        <datafield tag="336" ind1=" " ind2=" ">
            <subfield code="a">certifikovaná metodika</subfield>
        </datafield>
        <datafield tag="980" ind1=" " ind2=" ">
            <subfield code="a">metodiky</subfield>
        </datafield>
        <datafield tag="996" ind1=" " ind2=" ">
            <subfield code="9">1</subfield>
        </datafield>
        <datafield tag="999" ind1="C" ind2="1">
            <subfield code="a">DF13P01OVV003</subfield>
            <subfield code="b">Ministerstvo kultury ČR</subfield>
        </datafield>
        <datafield tag="998" ind1=" " ind2=" ">
            <subfield code="a">narodni_zemedelske_muzeum</subfield>
        </datafield>
        <datafield tag="245" ind1="0" ind2="0">
            <subfield code="a">Metodika pro zpracování osobních pozůstalostí s významným podílem plánové dokumentace
            </subfield>
            <subfield code="b">Methodologies for processing personal papers with a significant share plan
                documentation
            </subfield>
        </datafield>
        <datafield tag="653" ind1=" " ind2=" ">
            <subfield code="a">metodika</subfield>
        </datafield>
        <datafield tag="653" ind1=" " ind2=" ">
            <subfield code="a">osobní pozůstalost</subfield>
        </datafield>
        <datafield tag="653" ind1="0" ind2=" ">
            <subfield code="a">methodics</subfield>
        </datafield>
        <datafield tag="653" ind1="0" ind2=" ">
            <subfield code="a">personal estate</subfield>
        </datafield>
        <datafield tag="260" ind1=" " ind2=" ">
            <subfield code="b">Národní zemědělské muzeum Praha</subfield>
        </datafield>
        <datafield tag="520" ind1=" " ind2=" ">
            <subfield code="9">cze</subfield>
            <subfield code="a">Předkládaná metodická pomůcka je zaměřená na pořádání osobních pozůstalostí s významným
                podílem plánové dokumentace. Jejím cílem je podání návodu na uspořádání, identifikaci a metody
                vyhledávání objektů zaznamenaných v plánové dokumentaci významných zahradních architektů.
            </subfield>
        </datafield>
        <datafield tag="520" ind1=" " ind2=" ">
            <subfield code="9">eng</subfield>
            <subfield code="a">Presented methodical aid is focused on organizing personal estates with a significant
                proportion of plan documentation. Its aim is filing instructions on the arrangement, identification and
                retrieval methods of objects recorded in the planned documentation of important landscape architects.
            </subfield>
        </datafield>
        <datafield tag="540" ind1=" " ind2=" ">
            <subfield code="9">cze</subfield>
            <subfield code="a">Dílo je chráněno podle autorského zákona č. 121/2000 Sb.</subfield>
        </datafield>
        <datafield tag="540" ind1=" " ind2=" ">
            <subfield code="9">eng</subfield>
            <subfield code="a">This work is protected under the Copyright Act No. 121/2000 Coll.</subfield>
        </datafield>
        <datafield tag="020" ind1=" " ind2=" ">
            <subfield code="a">978-80-86874-68-5</subfield>
        </datafield>
        <datafield tag="720" ind1=" " ind2=" ">
            <subfield code="a">Šárka, Steinová</subfield>
        </datafield>
        <datafield tag="506" ind1=" " ind2=" ">
            <subfield code="a">Public</subfield>
        </datafield>
        <datafield tag="046" ind1=" " ind2=" ">
            <subfield code="k">2015</subfield>
        </datafield>
        <datafield tag="041" ind1="0" ind2="7">
            <subfield code="a">cze</subfield>
        </datafield>
        <datafield tag="340" ind1=" " ind2=" ">
            <subfield code="a">text/pdf</subfield>
        </datafield>
    </record>
</collection>